@article{@zichaowang,
  title = {QG-Net: A Data-Driven Question Generation Model for Educational Content},
  author = {Zichao Wang},
  year = {2018},
  url = {http://www.princeton.edu/~shitingl/papers/18l@s-qgen.pdf},
}

@article{@xinyadu,
  title = {Learning to Ask},
  author = {Xinya Du},
  year = {2017},
  url = {http://www.cs.cornell.edu/~xdu/papers/acl17_dsc_poster.pdf},
}

@article{@vishwajeet,
  title = {A Framework for Automatic Question Generation from Text using Deep Reinforcement Learning},
  author = {Vishwajeet Kumar},
  year = {2018},
  url = {https://arxiv.org/pdf/1808.04961.pdf},
}

@article{@Yalong,
  title = {Deep Attention Neural Tensor Network for Visual Question Answering},
  author = {Yalong Bai},
  year = {2018},
  url = {http://openaccess.thecvf.com/content_ECCV_2018/papers/Yalong_Bai_Deep_Attention_Neural_ECCV_2018_paper.pdf},
}

@article{@yangshi,
  title = {Question Type Guided Attention in Visual Question Answering},
  author = {Yang Shi},
  year = {2018},
  url = {https://arxiv.org/pdf/1804.02088.pdf},
}

@article{@zhaozhou,
  title = {Multi-Turn Video Question Answering via Multi-Stream Hierarchical Attention Context Network},
  author = {Zhou Zhao},
  year = {2018},
  url = {https://www.ijcai.org/proceedings/2018/0513.pdf},
}

@article{@makarand,
  title = {MovieQA: Understanding Stories in Movies through Question-Answering},
  author = {Makarand Tapaswi},
  year = {2016},
  url = {https://arxiv.org/pdf/1512.02902.pdf},
}

@article{@xiaohan,
  title = {Dual Ask-Answer Network for Machine Reading Comprehension},
  author = {Han Xiao},
  year = {2018},
  url = {https://arxiv.org/pdf/1809.01997.pdf},
}


@article{@duxinya,
  title = {Harvesting Paragraph-Level Question-Answer Pairs from Wikipedia},
  author = {Xinya Du},
  year = {2018},
  url = {https://arxiv.org/pdf/1805.05942.pdf},
}

@article{@liyikang,
  title = {Visual Question Generation as Dual Task of Visual Question Answering},
  author = {Yikang Li},
  year = {2018},
  url = {http://cvboy.com/pdf/publications/cvpr2018_iqan.pdf},
}


@article{@songlinfeng,
  title = {A Unified Query-based Generative Model for Question Generation and Question Answering},
  author = {Linfeng Song},
  year = {2018},
  url = {https://arxiv.org/pdf/1709.01058.pdf},
}



@article{@youmna,
  title = {Neural Automated Essay Scoring and Coherence Modeling for Adversarially Crafted Input},
  author = {Youmna Farag},
  year = {2018},
  url = {http://aclweb.org/anthology/N18-1024},
}


@article{,
  title = {Open-Ended Long-form Video Question Answering via Adaptive Hierarchical Reinforced Networks},
  author = {},
  year = {},
  url = {https://www.ijcai.org/proceedings/2018/0512.pdf},
}


@article{,
  title = {Multi-turn Dialogue Response Generation in an Adversarial Learning Framework},
  author = {},
  year = {},
  url = {},
}


@article{,
  title = {},
  author = {},
  year = {},
  url = {},
}


@article{,
  title = {},
  author = {},
  year = {},
  url = {},
}

@article{,
  title = {},
  author = {},
  year = {},
  url = {},
}


@article{,
  title = {},
  author = {},
  year = {},
  url = {},
}


@article{,
  title = {},
  author = {},
  year = {},
  url = {},
}

@article{,
  title = {},
  author = {},
  year = {},
  url = {},
}


@article{,
  title = {},
  author = {},
  year = {},
  url = {},
}


@article{,
  title = {},
  author = {},
  year = {},
  url = {},
}

@article{,
  title = {},
  author = {},
  year = {},
  url = {},
}


@article{,
  title = {},
  author = {},
  year = {},
  url = {},
}


@article{,
  title = {},
  author = {},
  year = {},
  url = {},
}


@article{,
  title = {},
  author = {},
  year = {},
  url = {},
}


@article{,
  title = {},
  author = {},
  year = {},
  url = {},
}